
@article{bruneau1988,
  title = {Reproductive Biology of Diploid and Triploid {{{\emph{Apios}}}}{\emph{ }}{{{\emph{americana}}}}  ({{Leguminosae}})},
  author = {Bruneau, Anne and Anderson, Gregory J},
  year = {1988},
  volume = {75},
  pages = {1876--1883},
  journal = {American Journal of Botany},
  number = {12}
}

@article{dobzhansky1973,
  title = {Nothing in Biology Makes Sense except in the Light of Evolution},
  author = {Dobzhansky, Theodosius},
  year = {1973},
  volume = {35},
  pages = {125--129},
  journal = {The American Biology Teacher},
  number = {3}
}

@article{kenrick1989,
  ids = {kenrick1989a},
  title = {Quantitative Analysis of Self-Incompatibility in Trees of Seven Species of {{{\emph{Acacia}}}}},
  author = {Kenrick, J. and Knox, R. B.},
  year = {1989},
  volume = {80},
  pages = {240--245},
  journal = {Journal of Heredity},
  number = {3}
}

@article{stebbins1957,
  title = {Self Fertilization and Population Variability in the Higher Plants},
  author = {Stebbins, G Ledyard},
  year = {1957},
  volume = {91},
  pages = {337--354},
  journal = {The American Naturalist},
  number = {861}
}


