
@article{cole1992,
  title = {Monomorphism, Reduced Gene Flow, and Cleistogamy in Rare and Common Species of {{{\emph{Lespedeza}}}} ({{Fabaceae}})},
  author = {Cole, Christopher T and Biesboer, David D},
  year = {1992},
  volume = {79},
  pages = {567--575},
  journal = {American Journal of Botany},
  number = {5}
}

@incollection{coley2012,
  title = {Trees, Fish, and Other Fictions},
  booktitle = {Evolution {{Challenges}}: {{Integrating Research}} and {{Practice}} in {{Teaching}} and {{Learning}} about {{Evolution}}},
  author = {Coley, John D and Muratore, Tara M},
  year = {2012},
  pages = {22--46},
  publisher = {{Oxford University Press}},
  address = {{New York, NY}}
}

@article{cram1955,
  title = {Self-Compatibility of {{{\emph{Caragana}}}}{\emph{ }}{{{\emph{arborescens}}}} {{Lam}}.},
  author = {Cram, William Hugh},
  year = {1955},
  volume = {33},
  pages = {149--155},
  journal = {Canadian Journal of Botany},
  number = {2}
}

@book{darwin1859,
  title = {On the {{Origin}} of {{Species}}: {{A Fascimile}} of the {{First Edition}}},
  author = {Darwin, Charles},
  year = {1859},
  publisher = {{Harvard University Press}},
  note = {Copyright 1964.}
}

@article{pandey1957,
  title = {Genetics of Self-Incompatibility in {{{\emph{Physalis}}}}{\emph{ }}{{{\emph{ixocarpa}}}}  {{Brot}}. -- {{A}} New System},
  author = {Pandey, Kamla Kant},
  year = {1957},
  volume = {44},
  pages = {879--887},
  journal = {American Journal of Botany},
  number = {10}
}

@article{peralta1992,
  title = {Breeding System and Aspects of Pollination in {{{\emph{Acacia}}}}{\emph{ }}{{{\emph{caven}}}} ({{Mol}}.) {{Mol}}. ({{Leguminosae}}: {{Mimosoideae}}) in the Mediterranean-Type Climate Zone of Central {{Chile}}},
  author = {Peralta, Iris and Rodriguez, Jose Gregorio and Arroyo, Mary T Kalin},
  year = {1992},
  volume = {114},
  journal = {Botanische Jahrb{\"u}rcher fur Systematik, Pflanzengeschichte und Pflanzengeographie},
  number = {3}
}

@article{raimondo2007,
  title = {Two New {{{\emph{Mimosaceae}}}} Naturalized in {{Italy}}},
  author = {Raimondo, Francesco M and Domina, Gianniantonio},
  year = {2007},
  volume = {17},
  pages = {209--216},
  journal = {Flora Mediterranea}
}

@article{real2007,
  title = {Breeding System of the Aerial Flowers in an Amphicarpic Clover Species: {{{\emph{Trifolium}}}}{\emph{ }}{{{\emph{polymorphum}}}}},
  author = {Real, Daniel and Dalla Rizza, Marco and Reyno, Rafael and Quesenberry, Kenneth H.},
  year = {2007},
  volume = {47},
  pages = {1401--1406},
  journal = {Crop Science},
  number = {4}
}

@article{robertson2011,
  title = {Futile Selfing in the Trees {{{\emph{Fuchsia}}}}{\emph{ }}{{{\emph{excorticata}}}} ({{Onagraceae}}) and {{{\emph{Sophora}}}}{\emph{ }}{{{\emph{microphylla}}}} ({{Fabaceae}}): Inbreeding Depression over 11 Years},
  author = {Robertson, Alastair W and Kelly, Dave and Ladley, Jenny J},
  year = {2011},
  volume = {172},
  pages = {191--198},
  journal = {International Journal of Plant Sciences},
  number = {2}
}

@article{scofield2006,
  title = {Mitosis, Stature and Evolution of Plant Mating Systems: Low-$\phi$ and High-$\phi$ Plants},
  author = {Scofield, Douglas G and Schultz, Stewart T},
  year = {2006},
  volume = {273},
  pages = {275--282},
  journal = {Proceedings of the Royal Society B: Biological Sciences},
  number = {1584}
}

@book{vincent2005,
  title = {Evolutionary {{Game Theory}}, {{Natural Selection}}, and {{Darwinian Dynamics}}},
  author = {Vincent, Thomas L and Brown, Joel S},
  year = {2005},
  publisher = {{Cambridge University Press}}
}


